@ARTICLE{Goodwin2010,
title = {The Holt-Winters Approach to Exponential Smoothing: 50 Years Old and Going Strong},
author = {Goodwin, Paul},
year = {2010},
journal = {Foresight: The International Journal of Applied Forecasting},
number = {19},
pages = {30-33},
}

@misc{ST3010Dahyot2016,
author={R. Dahyot},
title={Time series and Applied Forecasting },
howpublished={ Online lecture notes ST3010, Trinity College Dublin, Ireland},
year={2016},
}